% This file is part proScientia.ltx/humanities.
% (c) 2022 K. Reincke (https://github.com/kreincke/proScientia.ltx/humanities)
% Unlike the other files of proScientia, all files under proScientia/humanities
% are licensed under the terms of the creative commons license CC-BY-SA-4.0
% (= https://creativecommons.org/licenses/by-sa/4.0/)

@InCollection{Calella2013a,
  author     = {Michele Calella},
  gender     = {sf},
  pages      = {82-110},
  title      = {Das Neue von gestern und was übrig bleibt: New Musicologies},
  annotation = {Kommentar zu einer neuen Tendenz},
  langid     = {german},
  note       = {Print},
  shorttitle = {New Musicology},
  crossref = {CalUrb2013a},
}

@InCollection{Flender1998a,
  author     = {Reinhard Flender},
  gender     = {sm},
  pages      = {23-36},
  title      = {Musik aus der Sicht von Berufsmusikern},
  annotation = {Eine sehr grob geschnittene Sichtung.},
  langid     = {german},
  note       = {Print},
  crossref = {BruRoes1998a},

}

@InProceedings{Hays1985a,
  author     = {Patrick J. Hays},
  crossref   = {Brachman1985a},
  gender     = {sm},
  pages      = {3-22},
  title      = {Some Problems and Non-Problems in Representation Theory},
  annotation = {Ein früher Versuch, das wesentliche herauszuschälen.},
  date       = {1985},
  langid     = {english},
  note       = {Print},
  owner      = {karsten},
  timestamp  = {2010.04.27},
}

@InProceedings{Woods1991a,
  author     = {W. A. Woods},
  crossref   = {Sowa1991a},
  gender     = {sm},
  pages      = {45 - 94},
  title      = {Understanding Subsumption. A Framework for Progress},
  annotation = {Was ist 'mitgemeint' und was nicht.},
  date       = {1991},
  note       = {Print},
  owner      = {karsten},
  shorttitle = {Understanding Subsumption},
  timestamp  = {2010.04.27},
}

@InCollection{Frobenius1998a,
  author     = {Wolf Frobenius},
  crossref   = {BruRoes1998a},
  gender     = {sm},
  pages      = {269-288},
  title      = {Abendländische Kompositionslehre},
  annotation = {Ein Beispiel für einen Artikel aus einer Collection},
  langid     = {german},
  note       = {Print},
}

@Book{ModLanAss2009a,
  author     = {{Modern Language Association}},
  date       = {2009},
  gender     = {sf},
  location   = {New York},
  title      = {MLA Handbook for Writers of Research Papers},
  edition    = {7},
  isbn       = {978-1-60329-024-1},
  publisher  = {Modern Language Association of America},
  annotation = {Die anglo-amerikanische Alternative zum europäisch-deutschen geisteswissenschaftlich altphilologischen Schreibstil. Kann man nutzen, muss man aber nicht. Denn die gut und richtig formulierten Ansprüchen aus diesem Handbuch werden letztlich besser erfüllt durch den altphilologischen Schreibstil.},
  langid     = {english},
  note       = {Print},
  owner      = {reincke},
  shorttitle = {MLA Handbook for Writers of Research Papers},
  timestamp  = {2011.08.06},
  titleaddon = {[auf dem Umschlage vermerkt:] The Authoritative Guide},
}

@Online{Reincke2018a,
  author     = {Karsten Reincke},
  date       = {2018},
  title      = {Dienst am Leser, Dienst am Scholaren},
  url        = {https://github.com/kreincke/mycsrf/blob/master/pdfs/scholar-fono-de.pdf},
  language   = {german},
  note       = {FreeWeb/PDF},
  subtitle   = {Über Anmerkungsapparate in Fußnoten - aber richtig},
  titleaddon = {Eine Anwendung von mycsrf = Mind your Classical scholar research framework},
  urldate    = {2022-02-10},
  annotation = {Das Repository für myscrf enthält unter PDF auch Vorgängerversionen dieses Textes, realisiert mit der älteren Technik.},
  gender     = {sm},
  langid     = {en},
  year       = {2021},
}

@Article{Waßenhoven2008b,
  author       = {Dominik Waßenhoven},
  date         = {2008},
  gender       = {sm},
  journaltitle = {Die \TeX nische Kömodie},
  pages        = {31-51},
  title        = {Bibliographien erstellen mit biblatex (Teil 2)},
  number       = {4},
  volume       = {20},
  annotation   = {Teil 2 einer Erläuterung, wie man Bib\LaTeX\ (als Geisteswissenschaftler) nutzt.},
  langid       = {german},
  note         = {FreeWeb/PDF},
  url          = {https://archiv.dante.de/DTK/PDF/komoedie_2008_2.pdf},
  urldate      = {2022-02-18},
  year         = {2016},
}

@Online{DudenOnline2022a,
  url          = {https://www.duden.de/suchen/dudenonline/Dippelschisser},
  urldate      = {2022-02-11},
  gender       = {sf},
  organization = {Dudenredaktion},
  title        = {Dippelschisser},
  year         = {2022},
  annotation   = {Stand 11.2.2022 kennt der Online-Duden das Wort 'Dippelschisser' nicht},
  langid       = {german},
  note         = {FreeWeb/Html},
}

@Online{OpenThesaurus2022a,
  url          = {https://www.openthesaurus.de/synonyme/Dippelschisser},
  urldate      = {2022-02-11},
  gender = {sf},
  location     = {o.O. [Potsdam]},
  organization = {LanguageTooler GmbH},
  title        = {Dippelschisser in OpenThesaurus},
  year         = {o.J.},
  annotation   = {Hier steht 'Dippelschisser' für 'Formlist', 'Kleingeist' oder 'Erbsenzähler'},
  langid       = {german},
  note         = {FreeWeb/Html},
  subtitle     = {Synonyme und Assoziationen},
}

@Online{DeutscheSynonyme2022a,
  url          = {https://www.deutschesynonyme.com/synonym/dippelschisser},
  urldate      = {2022-02-11},
  organization = {deutschesynonyme.com},
  gender = {sf},
  title        = {Dippelschisser— Synonyme, Bedeutung und Verwendung},
  year         = {o.J.},
  annotation   = {Hier steht 'Dippelschisser' für 'Erbsenzähler','Formalist' oder 'Korinthenkacker'},
  langid       = {german},
  note         = {FreeWeb/Html},
}

@Book{KantKdU1974,
  author     = {Immanuel Kant},
  gender     = {sm},
  title      = {Kritik der Urteilskraft},
  location   = {Frankfurt a.M.},
  date       = {1974},
  shorttitle = {KdU},
  editor     = {Wilhelm Weischedel},
  titleaddon = {Immanuel Kant Werkausgabe Bd. X},
  publisher  = {Suhrkamp},
  isbn       = {2-59-27658-4},
  series     = {suhrkamp taschenbuch wissenschaft},
  number     = {57},
  annotation = {Schön ist das, was interesseloses Wohlgefallen auslöst, erhaben das, was dabei auch erschreckt.},
  note       = {Print},
  timestamp  = {2009.4.10},
  owner      = {karsten},
}

@Book{KantKdV1974,
  author         = {Immanuel Kant},
  gender     = {sm},
  title          = {Kritik der reinen Vernunft},
  location        = {Frankfurt a.M.},
  date           = {1974},
  shorttitle     = {KdrV},
  editor     = {Wilhelm Weischedel},
  titleaddon     = {Immanuel Kant Werkausgabe Bd. III + IV},
  publisher      = {Suhrkamp},
  isbn           = {3-518-27655-7},
  series         = {suhrkamp taschenbuch wissenschaft},
  number         = {55},
  annotation         = {Der Mensch tut immer etwas zum Wahrgenommen hinzu. Das Ding an sich - das ohne das Hinzugetane - ist unerreichbar für ihn.},
  note           = {Print},
  owner          = {karsten},
  timestamp      = {2010.05.11},
}

@Book{Hamburger1980a,
  author     = {Käte Hamburger},
  date       = {1980},
  gender     = {sf},
  location   = {Frankfurt a.M., Berlin, Wien},
  title      = {Die Logik der Dichtung},
  edition    = {ungekürzte Ausgabe nach der 3. Aufklage 1977},
  isbn       = {3-548-39007-2},
  number     = {39007},
  publisher  = {Klett-Cotta},
  series     = {Ullstein-Taschenbuch},
  annotation = {Eine Lieblingswerk},
  langid     = {german},
  note       = {Book},
}

@Book{Hamburger1985a,
  author     = {Käte Hamburger},
  date       = {1985},
  gender     = {sf},
  location   = {Stuttgart},
  title      = {Das Mitleid},
  isbn       = {3-12-933230-8},
  publisher  = {Klett-Cotta},
  annotation = {Ein Referenzbuch, um ein zweites Autorinnenbuch zu haben: wie peinlich},
  langid     = {german},
  note       = {Print},
}

@Book{GarSpr2018a,
  author     = {Matthew Gardner and Sara Springfeld},
  date       = {2018},
  gender     = {pp},
  location   = {Kassel},
  title      = {Musikwissenschaftliches Arbeiten},
  edition    = {2.},
  isbn       = {978-3-7618-2249-4},
  publisher  = {Bärenreiter-Verlag},
  series     = {Bärenreiter Studienbücher Musik},
  annotation = {Die aktuellste Einführung in die Musikwissenschaft},
  langid     = {german},
  note       = {Print},
  subtitle   = {Eine Einführung},
}

@Article{Lewin1992a,
  author       = {David Lewin},
  date         = {1992},
  gender       = {sm},
  journaltitle = {19th Century Music},
  pages        = {49-58},
  title        = {Some Notes on Analyzing Wagner: The Ring and Parzifal},
  volume       = {16},
  langid       = {english},
  note         = {Print},
  shorttitle   = {Some Notes on Analyzing Wagner},
}

@Collection{CalUrb2013a,
  date       = {2013},
  editor     = {Michele Calella and Nicoulaus Urbanek},
  gender     = {pp},
  location   = {Stuttgart, Weimar},
  title      = {Historische Musikwissenschaft},
  isbn       = {978-3-476-02462-6},
  publisher  = {J.B. Metzler},
  annotation = {Sammlung zu Grundlagen der Musikwissenschaft, ihren Teildisziplinen, und Perspektiven},
  langid     = {german},
  note       = {Print},
  subtitle   = {Grundlagen und Perspektiven},
}

@Collection{BruRoes1998a,
  date       = {1998},
  editor     = {Herbert Bruhn and Helmut Rösing},
  gender     = {pm},
  location   = {Reinbek bei Hamburg},
  title      = {Musikwissenschaft},
  isbn       = {3-499-55582-4},
  number     = {55582},
  publisher  = {Rowohlt Verlag},
  series     = {rororo rowohlts enzyklopädie},
  annotation = {Eine Sichtung von Gegenstand und Methodik},
  langid     = {german},
  note       = {Print},
  subtitle   = {Ein Grundkurs},
}

@Proceedings{Brachman1985a,
  editor     = {Ronald J. Brachman and Hector J, Levesque},
  gender     = {pm},
  title      = {Readings In Knowledge Representation},
  location    = {San Mateo, California},
  date       = {1985},
  shorttitle = {Readings In Knowledge Representation},
  publisher  = {Morgan Kaufmann},
  isbn       = {0-934613-01-X},
  annotation     = {Das frühe Standardwerk schlechthin, jedenfalls forschungshistorisch gesehen.},
  booktitle  = {Readings In Knowledge Representation},
  note       = {Print},
  owner      = {karsten},
  timestamp  = {2010.04.27},
}

@Proceedings{Sowa1991a,
  editor     = {John F. Sowa},
  gender     = {sm},
  title      = {Principles Of Semantic Networks. Explorations in the Representation of Knowledge},
  location    = {San Mateo, California},
  date       = {1991},
  shorttitle = {Principles Of Semantic Networks},
  publisher  = {Morgan Kaufmann},
  isbn       = {1-55860-088-4},
  annotation     = {Ein Sammlung von Artikeln.},
  booktitle  = {Principles Of Semantic Networks. Explorations in the Representation of Knowledge},
  note       = {Print},
  owner      = {karsten},
  timestamp  = {2010.04.27},
}

@Book{Theisen2013a,
  author    = {Manuel René Theisen},
  date      = {2013},
  gender    = {sm},
  location  = {München},
  title     = {Wissenschaftliches Arbeiten},
  edition   = {16., [unter Mitarbeit v. Martin Theisen] vollständig überarbeitete},
  isbn      = {978-3-8806-4636-4},
  publisher = {Franz Vahlen},
  langid    = {german},
  note      = {Print},
  owner     = {reincke},
  subtitle  = {Erfolgreich bei Bachelor- und Masterarbeit},
  timestamp = {2016.02.24},
}

@Misc{BibtexOrgDe,
  title      = {BibTeX},
  gender     = {sf},
  annotation = {Einstieg in die deutschsprachige BibTeX-Site.},
  date       = {o.J.},
  langid     = {german},
  note       = {FreeWeb/HTML},
  owner      = {karsten},
  shorttitle = {BibTEX},
  timestamp  = {2010.05.13},
  url        = {http://www.bibtex.org/de/},
  urldate    = {2011-08-05},
}

@Online{Biber2022a,
  url        = {https://ctan.org/pkg/biber},
  urldate    = {2022-02-14},
  title      = {Biber},
  gender     = {sf},
  annotation = {Die Biber-Paketseite mit Verweisen auf Inhalt und Dokumentation},
  date       = {o.J. [2022]},
  langid     = {english},
  language   = {english},
  note       = {FreeWeb / HTML},
  subtitle   = {A BibTEX replacement for users of BibLATEX},
}

@Online{Jabref2019a,
  url        = {http://www.jabref.org/},
  urldate    = {2019-01-24},
  gender     = {sf},
  title      = {Jabref},
  annotation = {Die JabRef Homepage.},
  date       = {o.J. [2019]},
  langid     = {english},
  note       = {FreeWeb / HTML},
  shorttitle = {Jabref},
}

@Online{Reincke2022a,
  author     = {Karsten Reincke},
  date       = {2022},
  title      = {proScientia.ltx Repository},
  url        = {https://github.com/kreincke/proScientia.ltx},
  note       = {FreeWeb/Site},
  urldate    = {2022-02-18},
  annotation = {Template-Framewerk zur Erzeugung geisteswissenschaftlicher Texte mit der neuen Bib\LaTeX/biber/biblatex-dw basierten Technik},
  gender     = {sm},
  langid     = {english},
}

@Online{BibLaTeX2021a,
  url        = {https://ctan.org/pkg/biblatex},
  urldate    = {2022-02-19},
  author     = {Philip Kime and Moritz Wemheuer and Philipp Lehman},
  gender     = {pm},
  title      = {Das [Bib\LaTeX ] Benutzerhandbuch},
  annotation = {Die Bib\LaTeX-Handbuch als Teil des Paketes: Wie immer bei ctan, werden Links in Pakete auf zufällig ausgewählte Spiegelserver umgeleitet. Deshalb macht es keinen Sinn, das Handbuch selbst mit einer spezifischen URL auszuweisen.},
  date       = {2021},
  langid     = {german},
  note       = {FreeWeb/PDF},
  subtitle   = {Programmierbares Bibliografieren und Zitieren},
}

@Online{Reincke2021a,
  author     = {Karsten Reincke},
  date       = {2021},
  title      = {mycsrf Repository},
  url        = {https://github.com/kreincke/mycsrf},
  note       = {FreeWeb/Site},
  subtitle   = {Mind your Classical scholar research framework},
  urldate    = {2022-02-09},
  annotation = {Das Repository für myscrf enthält unter PDF auch Vorgängerversionen dieses Textes, realisiert mit der älteren Technik.},
  gender     = {sm},
  langid     = {english},
}

@Online{Waßenhoven2016a,
  author     = {Dominik Waßenhoven},
  date       = {2016},
  title      = {biblatex-dw},
  url        = {https://ctan.org/pkg/biblatex-dw},
  note       = {FreeWeb/HTML},
  urldate    = {2022-02-10},
  annotation = {Einstiegspunkt für das biblatex-dw-Paket. Enthält auch einen Link auf das Handbuch, der aber auf unterschiedliche 'mirrors' aufgelöst wird.},
  gender     = {sm},
  langid     = {german},
}

@Article{Waßenhoven2008a,
  author       = {Dominik Waßenhoven},
  date         = {2008},
  gender       = {sm},
  journaltitle = {Die \TeX nische Kömodie},
  pages        = {53-75},
  title        = {Bibliographien erstellen mit biblatex (Teil 1)},
  number       = {2},
  volume       = {20},
  annotation   = {Teil 1 einer Erläuterung, wie man Bib\LaTeX\ (als Geisteswissenschaftler) nutzt.},
  langid       = {german},
  note         = {FreeWeb/PDF},
  url          = {https://archiv.dante.de/DTK/PDF/komoedie_2008_2.pdf},
  urldate      = {2022-02-18},
  year         = {2016},
}

@Article{Siart2008a,
  author       = {Uwe Siart},
  date         = {2008},
  gender       = {sm},
  journaltitle = {Die \TeX nische Kömodie},
  pages        = {51-61},
  title        = {Verwendung von BIBTEX zur Erzeugungvon Literaturverzeichnissen},
  number       = {4},
  volume       = {20},
  annotation   = {Eine Darstellung der Bib\LaTeX-Vorgängerin},
  langid       = {german},
  note         = {FreeWeb/PDF},
  url          = {https://archiv.dante.de/DTK/PDF/komoedie_2008_4.pdf},
  urldate      = {2022-02-19},
}

@Online{BibLaTeX2022a,
  url        = {https://ctan.org/pkg/biblatex},
  urldate    = {2022-02-14},
  gender       = {sf},
  title      = {BibLaTeX},
  annotation = {Die BibLaTeX Paketseite mit Verweisen auf Inhalt und Dokumentation. Wie immer bei ctan, werden Links in Pakete auf zufällig ausgewählte Spiegelserver umgeleitet. Deshalb macht es keinen Sinn, das Handbuch selbst mit einer spezifischen URL auszuweisen.},
  date       = {o.J. [2022]},
  langid     = {english},
  note       = {FreeWeb/HTML},
}

@Book{Allen2001a,
  author     = {David Allen},
  gender     = {sm},
  title      = {Getting Things Done. The Art of Stress-Free Productivity},
  location    = {New York [... u.a.O.]},
  date       = {2001},
  shorttitle = {Getting Things Done},
  publisher  = {Penguin Books},
  isbn       = {978-0-14-200028-1},
  annotation     = {Das beste Buch in Sachen Zeitmanagement: es geht die Sache vom Prozess her an und akzeptiert, dass vorab unwägbare Dinge Pläne konterkarieren. Wer einen einfallsreichen spontanen Chef hat und trotzdem seine eigenen Sache - auch zu dessen Zufriedenheit - erledigen will, kommt um dieses Buch nicht herum.},
  langid   = {english},
  note       = {Print},
  owner      = {karsten},
  timestamp  = {2010.05.13},
}

@Inbook{Bechtel2011a,
  author     = {William Bechtel},
  gender     = {sm},
  title      = {Representing Time of Day in Circadian Clocks},
  pages      = {129-162},
  shorttitle = {Representing Time of Day in Circadian Clocks},
  booktitle  = {Knowledge and Representation},
  location    = {Stanford (California) and Paderborn (Germany)},
  date       = {2011},
  editor     = {Albert Newen and Andreas Bartels and Eva-Maria Jung},
  edition    = {1},
  publisher  = {CSLI Publications and Mentis},
  isbn       = {978-1-57586-630-7 (CSLI) and 978-3-89785-749-0 (Mentis)},
  annotation     = {A bad example for the (not) fulfilled MLA requirements: referring other works with Author, Year without naming the page doesn't really allow to review the original. You can't find it except by comparing sentence by sentence starting at the beginning.},
  langid   = {english},
  note       = {Print},
  owner      = {reincke},
  timestamp  = {2012.01.22},
}

@Misc{Berger2004a,
  author     = {Jens Berger},
  gender     = {sm},
  title      = {Das jurabib-Paket},
  date       = {2004},
  shorttitle = {Jurabib},
  annotation     = {Die wichtigste Anleitung für Jurabib.},
  note       = {FreeWeb/PDF},
  owner      = {karsten},
  timestamp  = {2010.05.13},
  url        = {http://www.tex.ac.uk/tex-archive/macros/latex/contrib/jurabib/docs/german/jbgerdoc.pdf},
  urldate    = {2011-08-05},
}

@Book{Covey2006a,
  author     = {Stephen R. Covey},
  date       = {2006},
  gender     = {sm},
  location   = {Offenbach},
  title      = {Die 7 Wege zur Effektivät.},
  edition    = {4 erw. u. überarb.},
  isbn       = {978-3-89749573-9},
  publisher  = {GABAL / FranklinCovey},
  annotation = {Das beste bleibt 'Erst verstehen, dann verstanden werden'.},
  flangid    = {English},
  note       = {Print},
  owner      = {karsten},
  subtitle   = {Prinzipien für persönlichen und beruflichen Erfolg},
  timestamp  = {2010.05.13},
  translator = {Angela Roethe and Ingrid Proß-Gill},
}

@Misc{Daly2007a,
  author     = {Patrick W. Daly},
  gender     = {sm},
  title      = {Customised BibTeX Styles. Custombib},
  date       = {2007},
  shorttitle = {Custombib},
  annotation     = {Eine Liste von Alternativen.},
  note       = {FreeWeb : HTML},
  owner      = {karsten},
  timestamp  = {2010.05.13},
  url        = {http://www.ctan.org/tex-archive/macros/latex/contrib/custombib/},
  urldate    = {2011-08-05},
}

@Misc{Daly2000a,
  author     = {Patrick W. Daly},
  gender     = {sm},
  title      = {Natural Sciences Citations and References. Natbib},
  date       = {2000},
  shorttitle = {Natbib},
  annotation     = {Und eine weitere Alternative zu Jurabib.},
  note       = {FreeWeb/HTML},
  owner      = {karsten},
  timestamp  = {2010.05.13},
  url        = {http://www.ctan.org/tex-archive/macros/latex/contrib/natbib/},
  urldate    = {2011-08-06},
}

@Book{HitKroRudSur2008a,
  author     = {Sebastian Hitzler and Markus Krötzsch and Sebastian Rudolph and York Sure},
  gender     = {pm},
  title      = {Semantic Web. Grundlagen},
  location    = {Berlin u. Heidelberg},
  date       = {2008},
  shorttitle = {Semantic Web},
  edition    = {1},
  publisher  = {Springer Verlag},
  isbn       = {978-3-540-33993-9},
  series     = {eXamen.press},
  annotation     = {Methoden zur Abbildung von Weltausschnitten in und als Webpartikel.},
  note       = {Print},
  owner      = {karsten},
  timestamp  = {2010.04.26},
}

@Misc{Kohm2008a,
  author     = {Markus Kohm},
  gender     = {sm},
  title      = {KOMA-Script},
  date       = {2008},
  shorttitle = {KOMA-Script},
  annotation     = {Mit Latex deutsche Formate zu erstellen und dabei die alte Idee des goldenen Satzspiegels so weit als möglich zu erhalten, das ist die Domäne von Koma-Script.},
  note       = {FreeWeb/HTML},
  owner      = {karsten},
  timestamp  = {2010.05.13},
  url        = {http://www.komascript.de/},
  urldate    = {2011-08-05},
}

@Book{Kopka2002a,
  author     = {Helmut Kopka},
  gender     = {sm},
  title      = {LaTeX. Ergänzungen},
  location    = {München [... u.a.O.]},
  date       = {2002},
  shorttitle = {LaTeX Ergänzungen},
  titleaddon = {3., überarb. Aufl.},
  publisher  = {Pearson Studium},
  isbn       = {3-8273-1557-3},
  volume     = {2},
  annotation     = {Wichtig, auch wenn nicht ganz so oft benutzt, wie der erste Band.},
  note       = {Print},
  owner      = {karsten},
  timestamp  = {2010.05.14},
}

@Book{Kopka2000a,
  author     = {Helmut Kopka},
  gender     = {sm},
  title      = {LaTeX. Einführung},
  location    = {München [... u.a.O.]},
  date       = {2000},
  shorttitle = {LaTeX Einführung},
  titleaddon = {3. überarb. Aufl.},
  publisher  = {Addison-Wesley},
  isbn       = {3-8273-1557-3},
  volume     = {1},
  annotation     = {Mein erstes Step by Step Buch - und zugleich mein dauerhaftes Nachschlagewerk für die Basics.},
  note       = {Print},
  owner      = {karsten},
  timestamp  = {2010.05.14},
}

@Book{MitGoo2005a,
  author     = {Frank Mittelbach and Michel Goossens},
  gender     = {pm},
  title      = {Der LaTeX-Begleiter},
  location    = {München [... u.a.O]},
  date       = {2005},
  shorttitle = {Der LaTex-Begleiter},
  titleaddon = {mit Johannes Braams, David Carlisle u. Chris Rowley u. Beiträgen v. Christine Detig u. Joachim Schrod; 2. überarb. u. erw. Aufl.},
  publisher  = {Pearson Studium},
  isbn       = {3-8273-7166-X},
  annotation     = {Erläutert detailliert, was man sonst noch so an LaTeX 'ranschrauben kann.},
  note       = {Print},
  owner      = {karsten},
  timestamp  = {2010.05.14},
}

@Inbook{RotCum2011a,
  author         = {Martin Roth and Robert Cummins},
  gender     = {pm},
  title          = {Intellectualism as Cognitive Science},
  pages          = {23-39},
  shorttitle     = {Intellectualism as Cognitive Science},
  booktitle      = {Knowledge and Representation},
  location        = {Stanford (California) and Paderborn (Germany)},
  date           = {2011},
  booktitleaddon = {An Example for a Collecting Book (Proceedings) Noted as an Inline Part of the Bibtex Data Set of the Covered Article},
  editor         = {Albert Newen and Andreas Bartels and Eva-Maria Jung},
  edition        = {1},
  publisher      = {CSLI Publications and Mentis},
  isbn           = {978-1-57586-630-7 (CSLI) and 978-3-89785-749-0 (Mentis)},
  annotation         = {As the booktitleaddon said: An Example for a Collecting Book (Proceedings) Noted as an Inline Part of the Bibtex Data Set of the Covered Article},
  langid       = {english},
  note           = {Print},
  owner          = {reincke},
  timestamp      = {2012.01.22},
}

@Book{RusNor2004a,
  author     = {Stuart Russel and Peter Norvig},
  gender     = {pm},
  title      = {Künstliche Intelligenz. Ein moderner Ansatz},
  location    = {München, Boston, San Francisco [...]},
  date       = {2004},
  shorttitle = {Künstliche Intelligenz},
  edition    = {2},
  publisher  = {Prentice Hall / Pearson Studium},
  isbn       = {3-8273-7089-2},
  annotation     = {Eines der Standardwerke für den ersten Zugriff: Es rollt das Feld vom Konzept des 'Logischen Agenten' her auf und erläutert nicht die 'Wissensrepräsentation' als solche, sondern auch den Aspekt des Lernens als Wissensaneignung.},
  note       = {Print},
  owner      = {k.reincke},
  timestamp  = {2011.06.18},
}

@Book{RueStaFra1980a,
  author     = {Georg Rückriem and Joachim Stary and Norbert Franck},
  gender     = {pm},
  title      = {Die Techniken wissenschaftlichen Arbeitens. Praktische Anleitung zum Erlernen wissenschaftlicher Techniken am Beispiel der Pädagogik - unter besonderer Berücksichtigung gesellschaftlicher und psychischer Aspekte des Lernens},
  location    = {Paderborn, München, Wien u. Zürich},
  date       = {1980},
  shorttitle = {Die Technik wissenschaftlichen Arbeitens},
  titleaddon = {2. erw. u. bearb. Auflage},
  publisher  = {Ferdinand Schöningh},
  isbn       = {3-506-99230-9},
  series     = {UTB},
  number     = {724},
  annotation     = {Meine erste Begegnung mit der Welt des geisteswissenschaftlichen Arbeitens. Heutzutage wirklich old-fashioned. Aber der Kern gilt noch immer.},
  owner      = {karsten},
  timestamp  = {2010.05.13},
}

@Book{SegEvaTay2009a,
  author     = {Toby Segaran and Colin Evans and Jamie Taylor},
  gender     = {pp},
  title      = {Programming the Semantic Web},
  location    = {Beijing [... u.a.O.]},
  date       = {2009},
  shorttitle = {Programming the Semantic Web},
  edition    = {1},
  publisher  = {O'Reilly},
  isbn       = {978-0-596-15381-6},
  annotation     = {Eine besondere Idee der Ontologienrepräsentation.},
  note       = {Print},
  owner      = {karsten},
  timestamp  = {2010.04.27},
}

@Misc{Wikipedia2011a,
  author     = {{anon. [wikipedia]}},
  sortname   = {Wikipedia},
  gender     = {sf},
  title      = {Zitat},
  date       = {2011},
  annotation     = {Wikipedia - die Idee Diderots mit den Mitteln der Gegenwart.},
  note       = {FreeWeb/HTML},
  owner      = {reincke},
  shorttitle = {Zitat},
  timestamp  = {2011.08.07},
  url        = {http://de.wikipedia.org/wiki/Zitat},
  urldate    = {2011-08-07},
}

@Misc{WisArbOrgZitate,
  author     = {Wissenschaftliches-Arbeiten.org},
  gender     = {sf},
  title      = {Wörtliche und sinngemäße Zitate},
  date       = {2008},
  annotation     = {Einige sehr belastbare Selbsthilfe-Seiten: das Impressum verweist auf eine Gruppe 'fortgeschrittener Studenten' und markiert das Jahr 2008.},
  note       = {FreeWeb/HTML},
  owner      = {reincke},
  shorttitle = {Wörtliche und sinngemäße Zitate},
  timestamp  = {2011.08.07},
  url        = {http://www.wissenschaftliches-arbeiten.org/zitieren/direkte-und-indirekte-zitate.html},
  urldate    = {2011-08-07},
}

@Online{Wikipedia2022b,
  author     = {{anon. [Wikipedia]}},
  sortname = {Wikipedia},
  gender     = {sf},
  date       = {o.J. [2022]},
  title      = {Geschlechtergerechte Sprache},
  url        = {https://de.wikipedia.org/wiki/Geschlechtergerechte_Sprache},
  note       = {FreeWeb/HTML},
  urldate    = {2022-03-13},
  annotation = {Die Schärfung der Genderproblematik im Hinblick auf eine 'geschlechtergerechte Sprache'.},
  langid     = {german},
}

@Online{Wikipedia2022a,
  annotation = {Eine allgemeine Definition des 'Genderns' mit Verweis auf die 'genderbewusste Sprache'},
  author     = {{anon. [Wikipedia]}},
  gender     = {sf},
  sortname = {Wikipedia},
  date       = {o.J. [2022]},
  langid     = {german},
  note       = {FreeWeb/HTML},
  title      = {Gendern},
  url        = {https://de.wikipedia.org/wiki/Gendern},
  urldate    = {2022-03-13},
}


@Online{Ctan2022a,
  annotation = {Die CTAN-Einstiegsseite},
  author     = {{anon. [CTAN]}},
  gender     = {sf},
  sortname = {CTAN},
  gender    = {sf},
  date       = {o.J. [2022]},
  langid     = {english},
  note       = {FreeWeb/HTML},
  title      = {The Comprehensive TEX Archive Network},
  url        = {https://ctan.org/},
  urldate    = {2022-03-13},
}
@Comment{jabref-meta: databaseType:biblatex;}
