% Encoding: UTF-8

% This file is part of proScientia.ltx
% (c) 2022 Karsten Reincke (https://github.com/kreincke/proScientia.ltx)
% It is distributed under the terms of the creative commons license
% CC-BY-4.0 (= https://creativecommons.org/licenses/by/4.0/)

@Book{KantKdU1974,
  author                   = {Immanuel Kant},
  gender                   = {sm},
  title                    = {Kritik der Urteilskraft},
  location                  = {Frankfurt a.M.},
  date                     = {1974},
  shorttitle               = {KdU},
  titleaddon               = {hrsg.v. Wilhelm Weischedel},
  isbn                     = {3-518-27657-3},
  publisher                = {Suhrkamp},
  series                   = {suhrkamp taschenbuch wissenschaft},
  volume                   = {57},
  addendum               = {Immanuel Kant Werkausgabe Bd. IX; hrsg. v. Wilhelm Weischedel},

  annote                   = {Schön ist das, was interesseloses Wohlgefallen auslöst, erhaben das, was dabei auch erschreckt.},
  langid                   = {german},
  note                     = {Print},
  owner                    = {karsten},
  timestamp                = {2010.05.11}
}

@Book{KantKdrV1974,
  author     = {Immanuel Kant},
  gender     = {sm},
  title      = {Kritik der reinen Vernunft},
  location   = {Frankfurt a.M.},
  date       = {1974},
  shorttitle = {KdrV},
  titleaddon = {hrsg.v. Wilhelm Weischedel},
  isbn       = {3-518-27655-7},
  publisher  = {Suhrkamp},
  series     = {suhrkamp taschenbuch wissenschaft},
  volume     = {55},
  addendum   = {Immanuel Kant Werkausgabe Bd. III + IV; hrsg. v. Wilhelm Weischedel},
  annote     = {Der Mensch tut immer etwas zum Wahrgenommen hinzu. Das Ding an sich - das ohne das Hinzugetane - ist unerreichbar für ihn.},
  langid     = {german},
  note       = {Print},
  owner      = {karsten},
  timestamp  = {2010.05.11},
}
@Book{KantKdpV1974,
  author     = {Immanuel Kant},
  gender     = {sm},
  title      = {Kritik der praktischen Vernunft},
  location   = {Frankfurt a.M.},
  date       = {1974},
  shorttitle = {KdpV},
  titleaddon = {hrsg.v. Wilhelm Weischedel},
  isbn       = {3-518-27656-5},
  publisher  = {Suhrkamp},
  series     = {suhrkamp taschenbuch wissenschaft},
  volume     = {56},
  addendum   = {Immanuel Kant Werkausgabe Bd. VII; hrsg. v. Wilhelm Weischedel},
  annote     = {Handle so, dass die Maxime deines Handelns zur allgemeinen Maxime erhoben werden kann, so der kategorische Imperativ. Oder anders gesagt: Was du nicht willst, dass man dir tue, füge auch keinem anderen zu.},
  langid     = {german},
  note       = {Print},
  owner      = {karsten},
  timestamp  = {2010.05.11},
}

@Misc{UbFaM2018a,
  author     = {Goethe-Universität},
  gender     = {sp},
  title      = {[Portal der] Universitätsbibliothek Frankfurt a.M.},
  date       = {2020},
  owner      = {reincke},
  shorttitle = {Homepage UB FaM},
  timestamp  = {2011.06.21},
  url        = {http://www.ub.uni-frankfurt.de/},
}

@Misc{UbDa2018a,
  author     = {Technische-Universität-Darmstadt},
  gender     = {sp},
  title      = {[Portal der] Universitäts \& Landesbibliothek Darmstadt},
  date       = {2020},
  owner      = {reincke},
  shorttitle = {Homepage ULB Darmstadt},
  timestamp  = {2011.06.21},
  url        = {http://www.ulb.tu-darmstadt.de/},
}

@Comment{jabref-meta: databaseType:biblatex;}
